00592cas a22002291a 4500
001 999334823502836
003 Nz
005 20220211153014.0
008 040115d1884uuuunz wr ne      0   a0eng  
035    $a (NLNZils)933482
035    $a (Nz)8187407
035    $a (NLNZils)933482-ilsdb
035    $a (OCoLC)173423796
040    $a NZNB $c NZNB
042    $a nznb
043    $a u-nz---
245 00 $a Wellington citizen.
260    $a [Wellington, N.Z. : $b s.n., $c 1884-?]
310    $a Weekly
362 0  $a 1884 Jul.5-?
651  0 $a Wellington (N.Z.) $v Newspapers.
655  7 $a New Zealand newspapers. $2 local $5 Nz
